2242 3642
168 297 173 302 -
270 245 533 324 THUCYD.
550 241 656 324 vm.
680 253 740 324 86.
824 237 900 346 2'29
982 259 987 266 “

118 386 180 465 'que
195 372 229 448 in
248 371 316 446 suis
328 371 556 472 pqfflffionibm
580 386 613 445 et
619 373 779 472 suo'loco
795 373 903 474 quiete

119 508 253 562 manere.
289 487 376 560 Cum
389 509 501 561 autem
515 508 549 560 et
562 487 626 558 alia
640 489 744 559 multa
758 481 904 562 comme-

116 598 298 684 morallent,·
323 603 432 674 nihilo
455 601 559 696 magis
581 607 689 673 tamen
712 626 761 671 eos
785 601 904 674 audire

116 713 308 803 voluerunt;
328 714 384 788 led
399 713 667 809 indigmbnutur.
694 715 740 786 Et
754 715 809 786 alli
824 715 904 788 aliae

114 823 287 899 sententias
300 828 472 916 dicebant}
495 827 675 921 praecipue
689 851 771 899 vero
785 828 828 900 de
844 851 905 899 na·

115 937 279 1034 rigatione
296 942 332 1012 i‘n
348 937 524 1014 Piraeeum
543 939 759 1035 suscipienda.
798 939 905 1012 Tunc

113 1074 221 1126 mrem
241 1052 431 1144 Alcibiades
450 1056 589 1153 primus,
610 1055 721 1143 etita,
742 1073 782 1126 ut
802 1075 904 1126 nemo

113 1167 226 1261 magis,
246 1169 289 1238 de
304 1169 473 1262 republica
489 1167 727 1240 benemeritus
742 1164 840 1240 fuiffe
854 1167 905 1240 vi·

113 1276 163 1350 lus
179 1279 255 1355 ests
276 1281 364 1352 Cum
380 1282 468 1356 enim
483 1279 718 1364 Atheniensem
738 1281 796 1376 qui
815 1279 905 1353 Sami

113 1414 217 1477 erant,
238 1393 392 1466 adversus
407 1394 440 1466 se
456 1392 542 1488 ipsos
560 1395 660 1470 animi
680 1398 824 1489 quodam
843 1395 906 1466 im-

111 1527 190 1600 petu
202 1507 363 1600 navigare
379 1504 575 1590 statuiffent,
595 1505 701 1603 (quod
714 1508 737 1580 li
752 1505 907 1581 feciffe'nt

112 1619 221 1693 hostes
240 1619 415 1692 confestim
434 1619 566 1694 Ioniam
587 1642 620 1692 et
642 1621 907 1716 Hellespontum

112 1732 257 1806 insuam
275 1732 471 1826 potestatem
490 1731 670 1828 planiffime
691 1731 908 1829 redegilietit)

111 1845 165 1918 hoc
188 1845 317 1918 illorum
340 1846 496 1942 confilium
520 1860 621 1944 atque
643 1860 789 1918 conatum
816 1845 906 1941 oistcs

112 1957 156 2055 est
179 1957 394 2054 impediviffe.
437 1960 542 2033 Tunc
562 1979 673 2030 autem
690 1957 803 2031 nullus
823 1957 908 2030 alius

110 2074 204 2145 illam
233 2074 482 2146 multitudinem
504 2071 712 2168 compescere
740 2069 909 2166 potuillet.

111 2185 178 2260 Ille
192 2211 276 2259 vero
290 2207 324 2259 et
342 2186 666 2281 illud-navigationis
685 2183 824 2257 infestae
839 2181 909 2256 stu-

110 2301 207 2373 dium
227 2299 363 2384 sedavit,
387 2321 422 2374 et
440 2325 509 2384 eos,
532 2297 590 2394 qui
612 2299 730 2393 legatis
753 2300 910 2394 privatim

111 2413 353 2496 irascebantur,
364 2414 548 2508 increpans,
558 2413 735 2485 deterruit.
763 2411 910 2508 Ipseau·

111 2547 182 2600 tem
190 2526 284 2624 solus
298 2526 420 2626 legatos
432 2527 661 2608 dimifit;·cum
681 2525 753 2619 ipfis
773 2519 928 2622 respon·v

112 2638 224 2722 disset,
253 2639 287 2712 le
310 2664 378 2711 non
402 2640 563 2733 impedire
586 2641 668 2734 quin
693 2639 749 2710 illa
773 2641 911 2735 quidem

110 2754 380 2848 quinquemillia
389 2751 508 2834 civium
518 2755 695 2848 imperium
705 2753 910 2836 obtinerent,

111 2867 191 2961 ipfis
200 2886 311 2938 tamen
325 2867 501 2960 imperare,
515 2866 639 2938 ut‘illos
648 2867 912 2960 quadringentos

111 2999 324 3063 amoverent,
339 3000 374 3052 et
387 2980 537 3053 senatum
552 2975 778 3061 restituerent,
798 2985 912 3072 quein·

110 3093 298 3182 ‚admodum
320 3113 355 3170 et
377 3095 471 3192 prius
483 3089 611 3188 suffer,
640 3091 912 3188 quingentorum,
