2242 3642
91 261 103 300 ·,
214 211 760 316 THUCYD„V111.34‚3·5.
835 221 885 320 89

95 349 254 438 abierunn
282 345 336 417 Et
350 345 435 415 alter
448 343 597 436 quidem,
608 343 645 414 in
655 335 792 426 Chium,
802 343 892 416 alter
994 381 998 391 ·

97 487 185 544 vern,
207 459 369 531 Miletum
391 455 424 528 se
444 455 583 552 recepit,
609 459 890 550 quemadmodum

95 574 285 647 destinarat..

107 827 110 834 ¹
155 821 215 899 34.
233 796 369 870 Interea
387 821 469 870 vero
487 815 521 870 et
537 793 792 872 Athenienfium
809 797 891 869 clas·

94 914 145 997 fis,
160 938 279 1006 quaec
295 911 428 1006 Coryco
442 935 547 1004 prope
563 910 735 1008 Argiuum
749 912 894 993 circum-¹

95 1027 293 1108 vehebatur,
304 1025 420 1111 incidit
435 1025 469 1099 iu
485 1039 554 1097 tres'
566 1049 666 1099 nares
680 1028 797 1120 longas
812 1025 896 1096 Chia

96 1163 212 1228 orum;
229 1161 262 1210 et
275 1139 367 1209 simul
383 1161 420 1208 ac
436 1162 488 1209 eas
503 1139 761 1231 conspexerunt,
775 1137 893 1212 confe-

93 1251 171 1325 stim
185 1251 311 1346 insequi
327 1272 522 1344 coeperunt.
541 1272 576 1323 et
590 1252 708 1346 ingens
718 1251 894 1346 tempestas

94 1365 144 1439 est
168 1369 297 1448 exorta,
327 1365 549 1437 et'Chiorum
572 1367 708 1459 quidem
732 1392 834 1437 naves
858 1367 893 1438 in

93 1500 234 1574 portum
252 1487 353 1572 aegre
370 1472 618 1575 confugerunt:
638 1478 894 1552 Athenienfium

93 1618 180 1665 vero
199 1585 266 1666 tres
281 1617 395 1676 naves,
413 1617 499 1686 quae
514 1606 592 1678 ante
606 1592 695 1665 alias
710 1591 896 1688 longiffimo

93 1725 349 1801 procurrerant,
364 1707 549 1800 perierunt,
565 1726 600 1777 et
609 1709 651 1778 ad
661 1701 827 1778 Chiorum
836 1732 896 1778 ur·
942 1699 947 1704 ⁸

93 1821 175 1896 bem
195 1821 316 1916 ejedae
329 1815 483 1902 fuerunt,
503 1819 635 1912 virique
653 1820 776 1913 partim
792 1814 895 1912 capti,¹

94 1929 223 2028 partim
238 1931 403 2004 interfedi
418 1931 576 2019 fuerunt;
590 1951 741 2003 caeterae
751 1954 845 2014 vero,
860 1932 896 2028 in

93 2067 235 2140 portum
250 2046 408 2117 Mimanti
423 2041 625 2143 subjednm'
636 2045 772 2117 nomine
785 2041 898 2116 Phoe-

93 2162 284 2242 nicuntem,
294 2157 382 2254 'fuga
397 2158 430 2231 se
445 2163 658 2252 receperunt.·
683 2153 800 2229 Postea
813 2181 898 2230 uero

95 2271 318 2369 Athenierffes
343 2273 423 2343 hinc
441 2275 490 2345 ad
518 2272 668 2344 Lesbum
690 2271 827 2366 appuli,
854 2270 898 2346 ad

94 2387 302 2480 munitiones
317 2387 506 2478 exeitandas
520 2384 554 2458 se
568 2375 819 2484 praeparabant.
897 2431 901 2440 ·
1001 2389 1007 2398 '

160 2639 177 2712 3
187 2635 222 2704 5.
248 2612 377 2688 Eadem
399 2615 522 2709 hyeme
544 2611 772 2708 Hippocrates
792 2612 903 2686 Lace·‘

95 2727 295 2798 daemonius
314 2753 357 2800 ex
380 2725 611 2820 Peloponneso
634 2725 804 2820 profereus
822 2718 900 2798 curn

96 2841 218 2912 decem
244 2841 385 2912 navibus
410 2841 569 2924 Thuriis,
597 2841 721 2934 quibus
746 2859 901 2943 praeerat
928 2889 930 2893 -

96 2949 253 3028 Doricus
271 2954 446 3050 Diagorap
458 2952 561 3052 filiun
572 2979 658 3045 eum
674 2954 808 3028 duobus
827 2952 904 3055 aliia
