2242 3642
260 185 525 326 THUCYD.⁸
541 249 649 327 vm.
670 257 704 330 6.
834 282 879 334 ar

87 397 351 462 nenvenerunt,
366 375 613 454 aPhamabazo
626 378 720 466 miffi,
730 401 771 456 ut
783 406 886 458 naret

88 491 121 590 in
131 491 396 588 Hellespontum
406 513 804 591 transportarent3utque
814 496 885 592 ipse

83 629 233 702 quoque,
251 607 276 678 sr
294 603 413 702 pollet,
429 611 544 681 eadem
560 607 763 708 impetraret,
782 608 885 706 (quae

83 718 329 816 Tillaphernes
348 721 590 819 contendebat)
617 742 653 796 et
675 723 826 798 civitates
847 725 884 800 in

80 832 137 906 sna
151 835 329 930 provincia
341 833 414 906 litas
427 835 469 908 ab
480 835 741 910 Athenienfibns
754 861 816 932 per
828 841 885 913 de·

77 944 266 1022 sectionem
279 949 437 1022 alienaret
451 969 594 1046 propter
608 951 747 1035 tributa,
764 975 886 1048 opera·

77 1085 152 1156 que
164 1061 222 1134 sna
236 1059 581 1136 Lacedaemoniorum
599 1063 791 1140 societatem
809 1066 885 1164 regi

77 1165 239 1249 celeriter
258 1176 462 1250 conciliaret.
504 1177 593 1250 Cum
615 1200 729 1253 autem
745 1181 885 1276 utrique

77 1288 260 1384 separatim
276 1291 360 1362 haec
373 1313 525 1386 agerent,
544 1293 605 1387 qni
618 1317 639 1365 a
651 1291 883 1384 Pharnabazo,

77 1386 114 1476 et
134 1405 195 1498 qni
214 1428 233 1476 a
248 1399 478 1498 Tissapherne
495 1403 578 1478 miffi
592 1405 745 1493 fuerant,
762 1407 885 1504 ingens

76 1517 289 1591 concertatio
316 1518 406 1592 inter
430 1518 714 1596 Lacedaemonios
735 1521 882 1598 exstitit:

79 1631 134 1702 his
153 1634 304 1728 quidem,
326 1651 366 1704 ut
384 1633 420 1704 in
439 1632 572 1707 Ioniam
595 1654 630 1708 et
649 1635 793 1726 Chium3
816 1636 884 1709 illis

78 1769 177 1830 vero,
196 1746 285 1818 utin
302 1745 567 1842 Hellespontum
580 1742 685 1822 elaffis'
700 1772 736 1824 et
753 1751 884 1826 exerci-

80 1879 138 1930 tus
153 1859 246 1952 prius
259 1861 461 1945 mitteretur,
473 1861 674 1956 persuadere
688 1865 884 1937 nitentibus

73 1970 340 2075 ¹Lacedaemonii
371 1994 482 2048 tamen
512 1974 681 2047 Chiorum
708 1995 743 2048 et
771 1972 885 2048 Tiffa·

74 2080 223 2181 phemio
242 2085 405 2182 postulata
426 2087 536 2162 multo
554 2087 728 2162 lubentius
745 2086 885 2162 admise-

78 2222 172 2274 runt.
220 2200 315 2274 Nam
336 2224 371 2276 et
394 2200 589 2275 Alcibiades
613 2227 671 2276 eos
694 2201 885 2302 adjurabat,

76 2315 140 2412 qui
151 2312 265 2386 Endio
277 2329 354 2388 tunc
364 2314 495 2412 Ephori
510 2313 740 2410 magistratum
748 2317 884 2414 gerenti

77 2451 154 2502 erat
172 2426 345 2501 ardillimo
369 2429 541 2524 hospitalis
564 2430 729 2506 amicitiae
747 2431 887 2505 uinculo
938 2473 946 2483 ,

72 2544 223 2642 jundtus,
238 2567 325 2637 quae
340 2567 358 2614 a
373 2563 468 2637 patre
481 2566 656 2638 coeperat:
676 2547 768 2618 unde
782 2567 886 2640 prop·

79 2676 131 2729 ter
147 2655 344 2750 hospitium,
356 2657 493 2729 illorum
503 2655 629 2729 familia
645 2683 768 2732 nomen
782 2658 885 2734 etiam

79 2768 289 2846 laconicum
303 2769 468 2844 obtinuit:
488 2769 620 2844 Endius
633 2773 724 2847 enim
737 2771 887 2848 Alcibia-

78 2883 128 2958 dis
137 2882 243 2984 filius
268 2883 513 2980 appellabatur
549 2884 809 2964 Lacedaemonii
837 2893 886 2960 ta'·
