2242 3642
254 221 400 320 ‚fil'tHU
408 221 742 326 etormet.
810 229 900 326 669

92 351 216 436 lerunt
234 353 276 424 ad
296 377 350 425 tes
368 352 415 424 ibi
435 354 666 450 transigendas
682 352 772 450 (ipla
788 373 905 433 autem

96 467 277 561 negotium
295 468 410 541 datum
430 465 555 552 fuerat,
574 489 618 542 ,ut
637 469 674 548 itt
692 466 926 547 subditorum

94 581 304 664 civitatibus,
321 583 461 675 adquae
475 583 699 676 appellerent,
717 606 906 678 paucomm

91 697 310 772 dominatum
322 693 587 793 constituerunt)
602 697 743 770 alteram
756 721 838 771 vem
850 698 904 770 di·

96 810 237 883 midiam
256 807 435 908 legatorum
460 830 591 903 partem
613 811 650 884 iu
667 811 734 885 alia
755 809 907 888 subdito·

98 949 177 996 rum
187 922 322 1016 oppida,
333 923 436 998 alium
447 923 514 1000 alio
523 923 734 1002 dimiserunt.
761 923 908 1000 EtDio·

91 1037 270 1128 arepham,
291 1036 349 1132 qui
369 1038 456 1110 circa
472 1037 600 1111 Chium
613 1040 747 1134 agebat,
766 1040 827 1136 qui
843 1041 905 1118 tle·

88 1151 208 1224 *tortus
220 1147 346 1232 fuerat,
365 1171 405 1222 ut
420 1151 606 1224 Thraciam
625 1155 844 1249 gubernaret,
863 1156 907 1252 atl

81 1265 193 1364 strum,
205 1261 435 1358 magistramm
443 1269 622 1366 gerendum
635 1267 809 1342 misemut.
832 1267 906 1346 Hic

94 1400 216 1450 autem
235 1375 393 1450 Thasum
414 1379 597 1473 profectus,
620 1379 742 1456 statum
763 1382 907 1478 popula·

94 1517 174 1568 rem
198 1490 350 1576 sustulit
384 1490 462 1568 Post
486 1496 557 1594 ejus
580 1516 695 1570 autem
716 1493 907 1584 discessum,

92 1609 211 1688 altero
224 1603 300 1684 fere
317 1606 429 1682 mense
444 1607 564 1684 Thafii
577 1609 698 1686 urbem
710 1612 815 1686 mutis
833 1611 907 1712 riu.-

94 1745 186 1818 gere
198 1741 398 1814 coeperunt,
409 1723 498 1818 quast
511 1747 724 1820 nequaquam
732 1725 803 1822 jam
817 1725 906 1802 iudi-

92 1855 226 1932 gerent
244 1835 442 1928 optimatum
461 1835 560 1920 statu,
580 1839 640 1932 qui
654 1839 744 1932 apud
758 1836 909 1914 Atheni*

90 1947 196 2024 enses
212 1943 305 2030 effer,
323 1946 380 2025 sed
393 1952 546 2045 quotidie
560 1951 752 2026 libertatem
765 1975 789 2022 a·
799 1949 911 2029 Lace·

90 2061 286 2140 daemoniis
301 2061 538 2158 exspectarent.
566 2063 661 2138 Nam
673 2089 793 2138 eorum
806 2065 909 2140 etiam
987 2117 991 2122 ·

90 2173 609 2258 edulesabAthenienfibusex
622 2180 703 2256 urbe
712 2179 809 2274 pult,
821 2177 911 2254 fotis

92 2291 194 2386 apud
213 2287 497 2372 Lacedaemonios
516 2316 626 2377 erunt,
645 2313 748 2390 atque
763 2290 910 2399 illitum

90 2399 307 2488 neceffariis,
323 2408 384 2504 qui
401 2407 438 2488 in,
452 2408 538 2485 urbe
556 2430 664 2491 erant,
685 2408 765 2482 totis
779 2409 910 2484 ritibus

89 2542 243 2615 operam
261 2519 396 2606 dabant,
416 2542 455 2595 ut
474 2541 508 2596 et
522 2547 622 2597 naves
640 2522 719 2604 illuc
733 2521 909 2623 Latedue·

89 2658 192 2708 mone
210 2633 429 2720 adducerent,
454 2657 488 2708 et
509 2637 666 2710 Thasum
686 2641 728 2713 ad
748 2635 909 2712 defecto

89 2771 183 2827 nem
198 2747 423 2842 impellerent.
451 2749 532 2844 Ipsis
547 2753 655 2846 lgitut
668 2751 800 2835 accidit,
815 2755 910 2848 quod

87 2860 249 2938 maxime
264 2863 456 2956 cupiebant,
476 2885 515 2937 ut
529 2885 565 2938 et
577 2865 644 2938 fine
658 2865 812 2961 periculo
824 2865 909 2940 ciri·

89 3001 148 3050 tas
172 2998 247 3046 rem
265 2973 413 3050 feliciter
430 2999 580 3074 gereret,
599 2998 635 3052 et
653 2979 827 3075 populatis
844 2975 909 3050 lla·

89 3087 366 3174 tustolleretut,
386 3093 445 3186 qui
460 3092 694 3166 adversaturos
707 3088 832 3164 loiffet.
861 3087 910 3164 Iu

89 3201 229 3279 Thaso
238 3203 345 3298 igitur
355 3229 407 3278 res
418 3207 539 3280 cecidit
554 3225 672 3277 contra
681 3225 759 3278 tota
773 3202 912 3275 illorum

87 3316 378 3422 Athtsslessfipm,
406 3319 465 3415 qui
494 3340 681 3418 paucorum
702 3314 915 3412 dominatum
