2242 3642
252 239 645 320 muttum.
665 240 727 345 23:
836 267 888 343 ς,
1002 222 1010 241 ’

88 375 199 464 -nhreis
213 373 386 466 navigans,
403 369 438 442 in
450 369 578 444 Chium
591 371 758 464 pertenit,
772 395 893 468 quent·

98 492 271 568 admodum
291 484 369 560 illuc
389 481 485 556 initio
492 482 669 582 pervenire
681 486 894 581 properabat.

95 604 134 676 -T
133 605 220 675 ertio
235 621 348 673 autem
362 599 417 670 die
432 621 533 692 quam
549 597 607 670 ille
620 599 788 694 pertenit,
798 601 895 696 quin·

95 743 159 812 qne
173 737 208 790 et
223 714 345 809 viginti
355 709 491 786 Atticae
504 735 606 788 naves
620 714 663 784 ad
675 711 826 786 Lesbum
839 739 896 810 ap·

93 833 270 926 pulcrum,
286 827 409 921 quibus
423 846 578 920 praeerat
591 823 690 900 Leon
704 847 740 900 et
753 827 897 903 Diome·

93 948 174 1018 don.
209 942 311 1018 ‘Leon
327 941 416 1014 enim
430 964 508 1012 cnm
523 939 597 1013 aliis
609 942 727 1016 decem
743 941 899 1026 navibus,

98 1057 248 1132 Athenis
260 1053 372 1150 postea
387 1053 570 1148 protenus,
589 1058 632 1128 ad
644 1055 830 1154 opemfitis
845 1053 900 1130 fe·

95 1173 237 1268 ,tendant
255 1175 403 1247 tenenat.
439 1165 506 1240 Sed
525 1189 559 1241 et
574 1167 766 1266 Astyochus
780 1173 902 1246 eodem

93 1289 150 1360 die
164 1288 238 1384 jam
251 1281 557 1378 advesperascente,
576 1308 653 1355 cum
671 1306 774 1378 portu
788 1284 903 1358 solvis·

82 1401 157 1490 let,
182 1419 220 1472 et
238 1423 341 1476 unam
365 1395 487 1472 ,Chiam
505 1421 626 1492 navem
643 1395 842 1483 assumsisset,
867 1400 904 1477 in

96 1515 252 1593 Lesbum
265 1514 425 1606 navigare
439 1513 562 1605 coepit,
581 1532 634 1601 ut,
651 1511 771 1608 liquid
785 1511 904 1610 pollet,

97 1625 240 1710 Lesbiis
250 1621 429 1721 prndeffet.
458 1624 546 1696 Cum
555 1647 670 1702 antem
678 1625 856 1724 Pyrrham,
868 1647 905 1701 et

98 1745 195 1826 illine
214 1738 351 1834 postero
370 1739 425 1817 dle
438 1735 593 1820 Ereffum
611 1740 830 1835 perveniffet3
849 1741 907 1827 hic

100 1855 273 1933 intellexit
291 1853 486 1948 Mitylenen
502 1855 543 1932 ab
558 1851 824 1948 Athenienfibus'
837 1853 908 1946 pti·

99 1995 158 2050 mo
173 1971 306 2063 impetu
319 1987 449 2060 captam
463 1963 573 2040 tuisse.
609 1966 705 2040 Nam
716 1965 910 2040 Athenien·

98 2085 163 2174 ses,
185 2103 229 2166 ut
248 2107 292 2156 ex
309 2080 490 2176 improviso
509 2100 685 2165 venerant,
708 2083 751 2154 ad
773 2099 912 2176 portum

97 2196 246 2294 appulli,
259 2219 360 2269 naves
371 2195 472 2266 Chias
482 2193 739 2288 superaverunt,
752 2196 833 2270 etin
845 2214 912 2270 tet·

99 2337 178 2402 ,ram
194 2305 324 2404 egteffi,
339 2309 391 2397 iis,
405 2310 464 2404 qui
478 2306 689 2396 obstiterant,
703 2311 836 2407 proelio
846 2311 912 2387 tic-

100 2421 160 2518 tis‚
181 2424 304 2497 urbem
318 2423 353 2496 in
368 2422 460 2506 suam
478 2421 676 2518 potestatem
694 2428 913 2522 redegerunt.

99 2541 216 2640 ...Qtae
235 2563 313 2618 cum
332 2535 526 2632 Astyochus
545 2537 759 2620 intellexisset
777 2561 852 2620 tum
870 2563 915 2617 ex

102 2655 252 2740 navibus
266 2649 436 2739 Ereffinis,
451 2671 523 2742 tunt
537 2677 581 2724 ex
594 2654 703 2726 tribus
713 2653 809 2724 Chiis
823 2651 916 2747 (nam

103 2797 147 2852 ex
163 2779 310 2868 quatuor
324 2789 391 2845 una
406 2766 447 2844 ab
458 2763 720 2850 Athenienfibus
732 2786 829 2861 capta
843 2765 916 2838 fue·

99 2883 177 2980 tat)
188 2905 278 2984 qnae
292 2906 335 2966 ex
344 2879 549 2976 Methymna
562 2906 641 2964 cum
650 2881 788 2967 Eubulo
802 2880 917 2967 mitt
