2242 3642
271 229 745 336 THUCYD.VIII.90.
829 229 950 342 24'3'

32 378 34 458 ζ
101 359 343 438 mnrtoseffe.
369 361 417 436 Et
430 362 593 438 miserunt
607 366 743 460 quidem
761 387 919 462 propere·

103 476 358 572 Antiphontem
375 494 416 552 'et
438 474 674 573 Phrynichurn
696 499 799 576 atque
824 480 909 554 alios

101 592 222 666 decem
240 588 348 686 (quod
365 611 401 664 et
420 615 475 664 res
491 591 635 664 urbanas
656 613 690 666 et
711 619 763 668 res
782 591 916 668 Samias·

101 704 311 801 metuerent)
326 719 403 777 'cum
419 707 594 790 mandatis,
613 725 653 778 ut
671 707 788 801 quavis
804 710 906 781 ratio·

101 843 158 909 ne,¹
172 819 276 892 modo
284 819 434 892 conditio
447 819 633 894 tolerabilis
643 817 828 905 ereetum
837 819 917 894 Let-¹

101 933 328 1006 eedaemoniit
336 933 645 1008 reconciliarentur.
664 930 784 1008 Multo
792 955 907 1009 autem
944 943 948 950 ’

100 1044 278 1120 stu‘diofius
295 1062 394 1147 quam
412 1061 503 1139 ante,
526 1071 662 1126 murum
683 1050 719 1122 in
739 1047 907 1124 Eetionea
941 1050 947 1134 ἦ

99 1159 330 1234 aedificabant.
358 1160 476 1261 Hujus
489 1183 603 1235 autem
617 1164 705 1236 muri
718 1162 908 1262 exstruendi
943 1173 950 1204 ⁷

99 1274 278 1377 confiliutn
293 1274 360 1347 hoe
378 1273 446 1348 fuit
464 1274 519 1372 (ut
536 1276 647 1350 aiebat
667 1275 906 1352 Theramenes

99 1385 243 1488 ejusque
261 1387 357 1485 socii)
374 1413 443 1462 non
461 1410 501 1462 ut
520 1414 590 1476 eos,
609 1391 669 1486 qui
686 1389 775 1466 Sarni
789 1413 905 1477 erant,

99 1492 210 1596 i'r'per
227 1504 296 1576 rim
316 1526 394 1576 curn
417 1502 538 1577 infesta
557 1502 657 1579 crasse
670 1503 845 1589 renitent,
869 1507 923 1580 in*
946 1509 952 1536 ³

99 1613 279 1692 Piraeeum
292 1640 362 1690 non
377 1620 577 1712 reciperent,
586 1619 650 1693 sed
663 1622 778 1713 potius
791 1642 830 1693 ut
841 1621 906 1718 ‘hoss

100 1729 214 1822 stium,
227 1725 362 1827 quoties
375 1733 513 1821 vellent,
531 1752 566 1805 et
580 1730 712 1805 claffem
725 1753 760 1806 et
775 1735 905 1828 pedita-

101 1865 177 1918 tum
195 1845 394 1941 reciperent.
437 1846 531 1918 Nam
548 1845 782 1919 Eetioneaest
796 1873 814 1918 e
828 1849 906 1920 duo·
947 1864 950 1870 ’

101 1960 164 2033 bun
179 1950 321 2062 alterurn
333 1956 464 2034 Piraeei
478 1957 763 2054 promontorium}
781 1959 816 2033 e't
824 1961 907 2060 jr'nr·¹

100 2093 136 2145 ta
149 2071 255 2167 ipsam
268 2071 606 2171 statimsur'ttsaucer,
622 2099 690 2174 qua
703 2074 840 2146 navium
854 2075 908 2146 in·

100 2184 232 2284 gressus
245 2185 305 2262 est.
342 2187 422 2273 Hic,
433 2189 540 2285 igitur
558 2199 637 2260 cum
655 2211 697 2261 eo
715 2189 827 2278 n'ruro,
846 2189 907 2284 qui

52 2324 58 2333 ·
99 2303 198 2397 print
217 2302 451 2376 continentem
473 2299 797 2376 'versueexstrustns
820 2315 907 2386 erat,

100 2415 143 2489 stc
157 2413 406 2508 exstruebatur,
424 2437 464 2488 ut
477 2417 575 2513 pauci
590 2415 745 2489 homines
758 2416 828 2490 illic
843 2415 908 2489 sta·

100 2531 231 2603 tionem
243 2531 609 2616 ·habentes,.introitus
626 2530 765 2604 narium
788 2527 909 2612 arbitri

102 2641 220 2717 effent.
260 2642 356 2716 Nam
377 2645 420 2717 ad
433 2642 544 2738 ipsam
565 2645 704 2718 alteram
728 2645 851 2717 turrim
873 2645 909 2721 in

97 2756 233 2855 angusti
252 2779 372 2852 portus
385 2755 472 2830 ostio
485 2758 577 2831 fitam
595 2757 858 2832 terminabature
875 2776 911 2830 et

99 2895 221 2945 murus
235 2873 394 2969 antiquus
407 2874 638 2949 continentem
652 2865 780 2954 versut,
799 2889 834 2944 et
848 2895 911 2942 no·

99 2987 241 3084 tuequi
255 2985 529 3090 intraantiquum
542 3001 680 3060 murum
693 3006 786 3074 mate
797 2981 913 3065 rer-ius

460 3097 553 3205 (ω
