2242 3642
272 237 542 324 THUCYnss
555 239 661 327 Vm.
683 251 745 328 68.
791 277 799 286 ·
821 257 903 328 *181

68 375 74 384 “
106 371 208 450 status
220 373 408 472 collapsus
424 400 443 448 a
462 376 593 472 populo
613 377 727 456 uexati
739 376 912 479 'pledique

104 491 230 586 coepit,
252 515 330 564 cnm
343 491 377 564 in
386 491 554 590 judicium
569 512 708 566 vocatus
721 489 836 573 fuiffet
850 493 911 566 ha·

102 631 180 678 rum
199 603 347 702 ipsarum
365 629 471 677 rerum
485 603 703 700 causa‚’quafi
720 629 789 678 tum
803 620 910 680 caete·

101 719 152 792 ris
171 715 355 815 conjuratis
368 737 548 820 paucorum
565 715 766 793 dominatum
788 719 911 792 consti·

101 827 230 918 tui'ffet,
259 833 386 928 optime
411 834 583 915 omnium
605 833 647 904 ad
670 857 779 905 meam
802 858 916 928 usqua

99 948 312 1032 memuriam
334 947 455 1042 capitis
473 947 605 1020 causam
621 945 743 1022 dixisse
760 948 910 1022 videtur.

99 1059 320 1158 Phrynichus
338 1062 441 1134 etiam
458 1059 528 1136 sese
545 1061 699 1136 omnium
715 1061 821 1160 louge
839 1059 914 1135 stu*

99 1173 313 1250 diofiffimum
336 1172 501 1270 praestitit
524 1175 560 1248 in
587 1199 774 1272 paucorum
798 1177 913 1250 domiv-

98 1310 185 1363 natu
199 1287 427 1388 constituendo,
442 1291 535 1384 quod
549 1288 762 1364 Alcibiadem
776 1312 911 1365 metues

97 1425 167 1488 ret,
188 1429 227 1476 ac
245 1403 357 1493 sciret,
376 1428 454 1476 eum
472 1403 557 1478 scire
574 1429 798 1500 quaecunque
817 1405 910 1478 Sami
1016 1449 1019 1454 -

97 1543 180 1592 cum
203 1515 380 1614 Astyoche
404 1515 587 1609 tradaffe13
616 1517 806 1595 existimans
828 1543 910 1592 eum

96 1633 156 1730 (ut
171 1633 333 1729 cpedibile
348 1631 434 1727 erat)
448 1657 622 1728 nunquam
636 1632 672 1705 in
684 1631 840 1731 patriam
853 1657 909 1706 re·

57 1745 60 1752 ’
96 1747 290 1831 versurum,
304 1761 342 1820 ut
356 1745 418 1818 sub
430 1769 615 1841 paucorum
629 1748 804 1820 dominatu
816 1745 909 1818 vine·

96 1863 163 1936 r'et.
186 1859 248 1934 ·In
268 1861 427 1956 periculis
448 1881 562 1948 autem
581 1858 793 1943 sustinendis,
818 1848 910 1952 post·

94 1974 310 2074 quamfimel
317 2001 357 2047 ea
367 1974 523 2070 suscepit,
535 1975 639 2068 longe
649 1970 845 2045 fortiffimus
860 1970 909 2046 est

94 2090 200 2164 visus·
244 2089 481 2163 Theramenes
503 2089 604 2162 etiam
623 2086 780 2182 Agnonis
791 2085 930 2184 filius,¹

93 2203 154 2280 vir
168 2227 232 2277 nec
246 2201 448 2276 infacundus
461 2227 524 2276 nec
539 2201 748 2298 i'm‘pmdenn,
763 2201 854 2274 inter
868 2201 910 2273 il·

94 2321 164 2402 los,
184 2319 244 2413 qui
260 2319 458 2413 popularem
472 2315 595 2389 statum
609 2335 820 2404 everterunt,
839 2316 910 2410 pri·

91 2433 175 2508 mua'
198 2430 278 2506 fuit.
322 2427 559 2528 Quamobrem
581 2455 667 2526 opus
689 2455 709 2502 a
734 2430 851 2504 multis
875 2451 911 2504 et

90 2546 326 2646 prudentibus
344 2547 427 2618 uiris
444 2547 643 2631 trauatum,-
655 2547 808 2640 quamuis
827 2541 911 2618 effct

90 2665 259 2745 arduum,
292 2673 403 2733 tamen
427 2659 523 2732 haud
552 2660 723 2735 immerito
751 2657 910 2732 succcffit.

90 2777 263 2854 Arduum
282 2775 372 2849 enim
392 2789 464 2847 erat
483 2775 650 2870 pupulum
665 2771 912 2847 Atheniensem

89 2889 280 2966 centesimo
294 2887 369 2963 fene
388 2889 430 2960 ab
449 2889 571 2962 exustis
589 2889 741 2984 tyrannis
760 2911 851 2959 anno
869 2887 911 2955 li·

89 3005 399 3098 benauiprivare,
419 3005 479 3098 qui
497 3027 568 3078 nun
583 3001 693 3074 solum
705 3001 836 3072 nullius
851 2999 912 3069 im·

91 3117 376 3216 petiotpatcbat,
400 3116 457 3194 sed
481 3118 585 3192 etiam
606 3115 786 3213 plusquam
807 3111 914 3212 *hujus
