2242 3642
263 219 528 310 THUCYD.
544 231 651 312 vlu.
675 231 743 310 813¹
814 255 900 336 erge

95 357 196 462 udriu'¹
217 361 299 436 Hae
316 383 428 436 autem
446 355 762 460 Peloponneiiorum
777 355 904 446 paves,

93 502 175 551 cum
194 503 215 550 e
233 496 336 571 portu
355 474 522 549 soiviffent
541 498 575 550 et
594 477 698 548 altum
714 473 901 571 petiissent,

93 613 132 664 ut
146 589 428 664 Athenienses'in
447 589 655 664 conficiendo
673 590 898 688 navigationis·

91 703 203 778 cursu
220 705 375 788 laterent,
392 703 598 799 ‘tempestate'
613 706 764 802 judittae,
792 705 902 798 atque·

90 820 180 892 aliae
193 819 334 912 quidem·
344 832 445 918 atque
458 821 538 890 adeo
548 817 686 890 illarum
700 817 900 912 pleraeque,

90 931 419 1028 quibuaclearchus
428 953 593 1027 praeerat,
608 953 684 1004 cum
699 931 829 1003 Delum
843 950 896 1014 te·j

89 1043 254 1128 nuisse'nt,
264 1043 430 1138 ‘et‘postea
442 1042 606 1120 Miletum
621 1043 789 1119 rediiffeut
803 1042 899 1138 (cle-
931 1033 935 1042 “

90 1155 345 1262 archuuauteru
358 1158 393 1230 iu
408 1159 671 1252 Hellespontum
689 1159 811 1232 itinere
825 1159 896 1230 tera

89 1272 193 1345 restri
218 1269 370 1344 'reversus
397 1269 575 1367 iin'perium
602 1271 788 1370 obtinebat)
815 1271 896 1344 illae

89 1403 179 1461 tero
206 1387 334 1468 decem,
362 1387 483 1480 quibus
511 1385 659 1458 Helixus
686 1385 894 1483 Megareusrs

89 1493 269 1596 praeerat,
281 1523 360 1579 cum
377 1500 412 1570 iu
433 1499 695 1594 Hellespontum
714 1498 894 1588 evasrffeut,

88 1611 602 1711 Byzantium‘ad'defeuionem
621 1613 807 1688 faciendam
831 1614 893 1685 ima.

87 1729 269 1824 pulemut.
296 1725 413 1799 P'ostea
427 1725 748 1824 veroAt‘henieffes,
764 1729 823 1822 qui
838 1726 893 1796 Sa-

88 1844 136 1914 mi
152 1839 273 1916 stativa
287 1837 465 1928 habebant,
482 1865 558 1914 cum
575 1841 630 1912 hoc
644 1835 893 1921 intellexissent,

88 1954 226 2029 auxilio
239 1953 339 2048 atque
354 1953 513 2048 praesidio
530 1949 743 2044 lo'ciclasseru
755 1953 789 2024 in
803 1951 893 2024 Hel-

86 2070 287 2164 lespontum
295 2067 466 2141 iniierunt.
489 2066 691 2166 Quinetiam
702 2067 776 2140 leve
786 2067 893 2160 quodss

85 2187 171 2257 dam
189 2181 309 2254 uav'ale
326 2183 493 2278 proelium
507 2181 594 2254 inter
607 2177 842 2278 Peloponngfios
861 2192 895 2252 et

85 2294 316 2391 Athanierffes
337 2297 463 2369 ottonis
480 2297 640 2390 utrinque
658 2294 797 2368 navibus
816 2313 894 2368 ante

85 2408 301 2508 Byzantiun'i
313 2406 518 2481 cdmmiffum
531 2407 589 2481 est.
660 2463 663 2474 .

85 2567 91 2578 ·
154 2530 216 2597 81.
236 2521 311 2620 Qu
322 2523 531 2617 autemapud
542 2523 676 2596 Samum
688 2523 787 2596 rebus
799 2547 894 2618 praea

84 2656 207 2720 erant,
232 2637 412 2730 praecipue
434 2639 516 2707 tero
541 2637 793 2734 Thrasybulus,
818 2661 895 2708 cum

84 2754 230 2845 semper
250 2748 330 2821 alias
348 2770 421 2822 tum
440 2773 522 2821 vero
541 2749 897 2846 postquam‚reipubli··

83 2891 154 2940 cae
177 2861 299 2936 statum
316 2863 516 2954 immutavit,
535 2865 569 2935 iu
589 2863 644 2942 sua
658 2863 812 2962 pristina¹
824 2863 897 2934 seui

85 2979 204 3054 tentia
218 2977 406 3070 permaufit,
426 2998 466 3049 ut
479 2976 691 3050 Alcibiadem
708 2981 898 3057 reduceret,

84 3119 130 3168 ac
163 3093 297 3164 tandem
323 3093 468 3166 utilitum
489 3091 740 3168 multitudinem
764 3093 798 3162 in
819 3112 899 3160 cou-

85 3209 198 3282 cione
216 3207 268 3280 ad
282 3205 338 3281 hoc
346 3203 544 3308 faciendum
564 3203 706 3279 induxit.
736 3205 823 3278 Cum
841 3226 899 3273 au-
