2242 3642
136 299 928 490 ruucrororn

239 650 516 730 OLORI
571 649 825 744 FILII,

146 901 908 988 HISTORIAE

112 1221 119 1230 .
233 1171 443 1240 LIBER
492 1173 823 1242 OCTAVUS,

122 1400 251 1478 HOC
264 1422 379 1476 antem
392 1413 511 1477 tantae
524 1401 635 1478 cladis
648 1403 770 1478 nuntio
779 1401 936 1478 Athenae

122 1515 464 1616 allatoAthenieqses
474 1520 533 1592 diu
543 1543 589 1594 ne
596 1519 788 1616 praecipuis
795 1520 937 1616 quidem

123 1633 303 1718 militibus,
324 1633 384 1728 qui
399 1657 442 1706 ex
456 1633 529 1730 ipso
546 1634 681 1729 proelio
694 1632 880 1720 evaserant,
899 1652 937 1707 et

123 1767 244 1843 aperte
261 1749 469 1833 nuntiarant,
488 1747 593 1822 fidem
609 1749 816 1834 habuerunt,
834 1769 875 1821 ut
892 1747 937 1822 sse

22 1918 26 1924 .
125 1861 284 1934 funditus
307 1859 421 1936 eversa
445 1864 635 1937 crederent.
666 1863 736 1938 Sed
758 1861 937 1959 postquam

127 1997 376 2072 cognoverunt,
386 1976 594 2060 oratoribus,
608 1977 756 2071 quicum
765 1977 839 2050 aliie
848 1977 938 2050 hauc

124 2091 280 2166 navalem
303 2093 564 2188 expeditionem
586 2088 733 2164 studiose
753 2087 936 2176 suaserant,

125 2227 225 2280 erant
243 2203 376 2292 insenfi,
395 2205 487 2302 quas
506 2205 594 2280 hant
612 2204 672 2302 ipsi
685 2229 755 2280 non
767 2204 936 2282 decretis·

126 2319 219 2410 sent3
242 2322 428 2418 quinetiam
451 2319 682 2396 irascebantur
703 2342 739 2396 et
762 2321 878 2397 ariolis
898 2342 936 2398 et

124 2435 271 2521 vatibus,
295 2455 330 2510 et
350 2455 520 2531 quotquot
538 2433 668 2534 aliquid
685 2433 800 2510 afflatu
818 2438 936 2531 divino

123 2551 278 2647 correpti
291 2551 461 2634 dixerant,
475 2574 545 2645 quo
556 2573 638 2626 tunc
651 2551 741 2647 ipsos
755 2549 952 2632 iuSiciliae-

123 2666 311 2760 capiendae
319 2664 413 2762 spem
421 2663 636 2740 induxerant.
645 2665 814 2763 Undique
821 2687 937 2740 autem

124 2779 240 2852 omnia
259 2777 348 2875 ipsos
366 2805 523 2854 moerore
544 2779 748 2867 afficiebant,
771 2801 808 2855 et
830 2804 937 2878 paror

125 2894 300 2990 animique
332 2893 560 2968 constematio
591 2897 753 2970 maxima*
769 2895 937 2992 profesto,

124 3029 270 3104 propter
288 3010 324 3082 id
337 3011 432 3106 quod
449 3010 629 3100 acciderat,
649 3009 731 3111 ipsos
744 3006 939 3085 circumsta-

125 3122 196 3195 bat.
215 3122 324 3212 Simul
339 3125 429 3204 eninr
443 3122 700 3211 afflictabantur,
714 3127 810 3219 quod
822 3143 859 3195 et
872 3121 941 3217 pri·

128 3236 233 3313 ratim
247 3258 282 3314 et
296 3239 434 3340 publice
448 3239 573 3426 ρτὶᾸατὶ
586 3235 694 3316 essent
707 3255 743 3313 ot
757 3235 868 3308 multo
881 3255 941 3330 pe·

560 3375 579 3450 3
