2242 3642
287 180 749 272 THUCYDNIIL'i.
865 195 928 290 ‘9'

117 334 260 396 caeteros
270 345 374 392 omnes
385 317 625 392 consultarent.
645 317 809 414 Denique
818 313 929 416 (quod

117 439 240 533 vulg-us
256 424 371 507 facere
387 433 486 530 solet)
502 454 644 528 propter
659 432 841 527 praesentia
855 457 926 508 me-

114 573 169 624 tus
191 550 460 647 magnitudinem
479 550 522 620 ad
542 547 656 620 omnia
677 549 766 622 recle
783 549 927 621 admini-

105 665 252 747 ¹lisanda
275 663 383 760 parati
402 683 511 735 erant.
541 659 595 733 Ut
615 681 729 735 autem
749 662 833 736 haec
851 663 929 758 ἱρῆς

115 780 184 854 visa
207 773 299 862 lunt,
328 777 492 852 licerium
515 773 692 852 fecerunt:
720 797 824 874 atque
844 779 931 854 haee

114 892 226 968 aestas
241 885 383 966 excellit.
484 945 487 952 Δ

185 1001 219 1080 αξ
229 1001 427 1102 'Insequenti
438 1029 550 1082 autem
566 1007 703 1103 hyeme,
718 1027 861 1104 propter
876 1031 931 1082 res

116 1123 161 1196 ab
177 1113 439 1195 Atheniensibus
460 1123 493 1194 in
514 1122 626 1194 Sicilia
643 1125 729 1196 adeo
747 1125 835 1197 male
853 1122 930 1220 ges·

117 1257 181 1320 ras,
202 1237 348 1310 mirem
368 1231 493 1309 Graeci
514 1240 671 1332 protinus
689 1239 808 1310 animis
827 1240 929 1311 ereili

117 1352 274 1425 fuerunt.
303 1344 351 1424 Et¹
364 1353 414 1422 illi
428 1353 579 1446 quidem,
599 1353 661 1447 qui
677 1374 880 1438 neutrorum
894 1377 931 1426 e·

108 1487 197 1541 ¹rant
208 1461 330 1550 sucina
347 1466 438 1548 bello
448 1486 662 1563 nequaquam
675 1469 820 1564 amplius
832 1466 932 1542 absti-

117 1585 283 1664 nendum,
299 1582 353 1654 vel
366 1581 390 1652 ‘fi
405 1581 520 1655 nullus
535 1580 624 1678 ipsos
639 1603 789 1680 rogaret,
804 1581 862 1656 sed
875 1585 932 1657 ad·

10 1707 12 1716 ’
117 1697 236 1770 vcrsus
247 1695 473 1770 Athenienses
483 1699 577 1771 ultro
586 1698 736 1772 eundum
750 1698 932 1796 cerfibant.

120 1811 257 1906 Singuli
273 1811 361 1884 enim
376 1811 464 1895 illos,
479 1811 502 1884 sr
518 1807 590 1884 rem
604 1809 640 1884 in
654 1807 770 1886 Sicilia
783 1812 934 1885 feliciter

121 1919 301 2023 gelliffent‘,
317 1927 417 1999 etiam
432 1923 593 2001 adversus
607 1921 641 1998 se
655 1945 818 1998 venturos
832 1920 933 1999 miffe

118 2039 371 2115 existimabant:
390 2041 484 2114 limul
500 2041 603 2114 etiam
618 2039 789 2135 reliquum
804 2038 934 2113 bellum

118 2156 225 2232 breve
244 2155 403 2228 futurum
416 2157 603 2239 ducebant,
627 2157 725 2254 cujus
743 2153 778 2230 se
795 2154 933 2251 partici-

120 2295 184 2367 pes
194 2266 272 2352 effe,
282 2270 492 2366 praeclarum
490 2269 562 2365 fibi
571 2269 649 2344 fore
652 2271 839 2371 putabant.
854 2269 933 2371 Qui

119 2411 206 2458 vero
229 2383 581 2459 Lacedaemoniorum
603 2382 700 2459 erant
719 2386 812 2472 socii,
836 2386 932 2458 fimul

120 2525 238 2573 omnes
249 2501 353 2594 longe
364 2501 489 2599 majore
500 2499 623 2585 studio,
632 2525 735 2597 quam
744 2521 835 2584 ante,
845 2497 934 2581 mul·

123 2615 165 2686 tis
189 2614 360 2686 aerumnis
389 2616 548 2688 celeriter
575 2615 714 2689 liberari
740 2613 934 2710 cupiebant.

122 2725 312 2822 Praecipue
331 2725 414 2801 ver'o
432 2730 491 2824 qui
512 2725 771 2804 Atheniensium
785 2727 936 2826 imperio

109 2843 301 2938 parebant,
313 2842 367 2914 vel
382 2842 481 2939 supra
492 2847 581 2918 vires
596 2847 637 2918 ad
651 2843 878 2931 defecliouem
890 2841 935 2915 ab

109 2959 198 3054 ipsis
211 2955 472 3054 Athenierfibus
486 2959 678 3048 faciendam
697 2981 794 3035 erant
813 2957 934 3054 parati,
