2242 3642
262 195 766 291 THUC-Ynssvmqrr
825 209 902 300 189

98 351 170 406 unu
182 323 379 400 defuturdm
392 324 744 426 aliqudmfacultatem
752 327 907 426 capiendi

99 444 220 538 lnug'on
245 453 372 528 murus,-
397 459 539 538 propter
561 440 790 528 solitudinem,
818 448 909 539 quae

98 554 205 638 edet
195 582 232 630 ιιι
241 555 332 651 ipfis.
367 555 434 630 sed
448 561 526 630 eum
533 555 622 654 ficas
637 553 748 655 copias
766 560 909 654 prdpiun

95 669 223 746 moenia
243 667 451 756 admovisset,
475 693 519 745 et
529 669 758 744 Athenienses
779 673 909 746 urbana

96 785 260 881 praefidit
284 809 328 858 ne
347 785 402 859 vel
425 785 605 858 minimum
626 785 765 881 quidem
788 785 909 859 mouis-

97 897 186 983 sent,
206 897 276 984 sed,
297 895 413 972 emiffo
429 900 583 995 equitatu
598 925 637 971 ae
655 919 753 994 parte
765 901 911 996 quadarn

99 1011 216 1110 gravis
229 1031 264 1086 et
280 1012 364 1087 levis
382 1035 572 1088 armaturae
590 1035 626 1088 et
644 1013 910 1112 sagittariorum

101 1125 285 1225 nonnullos
308 1125 458 1222 ipsorum
484 1128 621 1226 hostium
646 1124 910 1224 prostrariffeut,

100 1241 197 1337 quod
215 1241 267 1314 ad
275 1243 392 1318 ‚urbem
410 1243 551 1339 propius
570 1239 783 1328 acceffiiient,
803 1266 838 1318 et
856 1267 912 1316 ar÷

100 1356 165 1430 mis
184 1355 387 1451 quibusdam
405 1377 441 1432 et
461 1355 680 1431 cadaveribus
702 1358 803 1454 potiti
825 1355 912 1432 fuis·

100 1469 188 1553 sent,
204 1469 251 1542 itt
264 1471 401 1544 demum
414 1467 509 1574 Agis
523 1469 574 1544 rei
587 1470 817 1570 difficultatem
829 1495 912 1568 cog·

102 1582 256 1668 noscens,
285 1584 400 1658 rursus
428 1587 617 1660 exercitum
644 1584 737 1660 illinc
764 1586 912 1662 reduxit.

102 1696 224 1794 Atque
242 1695 313 1793 ipse
326 1699 476 1796 quidem,
496 1719 530 1774 et
549 1701 610 1795 qui
627 1725 706 1773 cum
725 1699 798 1795 ipso
810 1699 915 1799 prius

103 1811 176 1886 illic
191 1811 342 1897 fuerant,
361 1814 397 1886 in
416 1813 493 1887 loco
509 1816 601 1908 apud
613 1814 802 1887 Deceleam
819 1835 914 1888 man·

104 1927 232 2002 serunt.
264 1925 352 2000 Ilion
363 1951 460 2013 vero,
473 1929 532 2023 qui
547 1947 724 2023 praeterea
738 1945 915 2012 venerant,
935 1938 937 1942 ’

104 2039 283 2137 postquam
301 2041 431 2138 aliquot
449 2043 521 2116 dies
540 2043 576 2116 in
597 2065 641 2116 eu
660 2056 745 2138 agro
765 2057 914 2116 commo-
938 2079 940 2085 ·

104 2156 169 2228 rati
185 2153 275 2241 suut,
295 2157 434 2230 domum
448 2154 661 2230 remiserunt.
698 2153 817 2229 Postea
832 2181 916 2230 vern

105 2270 347 2366 quadringenti
356 2271 421 2345 tiri
435 2271 567 2367 legatos
580 2271 623 2342 ad
632 2267 728 2366 Agin
742 2269 915 2346 nihilomi-

105 2407 170 2457 nus
183 2382 357 2460 miseruut.
382 2384 485 2458 'Cum
498 2405 614 2458 autem
627 2383 767 2484 illejam
780 2383 914 2460 facilius

105 2497 314 2598 admitteret,
342 2521 380 2572 ae
404 2497 486 2598 ipsos
509 2501 562 2574 ad
582 2498 639 2573 boc
661 2501 915 2585 adhortaretur,

105 2610 399 2687 Lacedaemonem
413 2614 514 2688 etiam
528 2613 659 2710 legatos
672 2616 717 2689 de
729 2615 918 2710 compofitie
944 2650 948 2656 ·

105 2739 173 2800 one
187 2732 319 2801 alturus
339 2726 648 2825 emiseruutrquod
665 2745 782 2826 pacem
800 2728 916 2804 facere

106 2862 283 2936 cuperent,

165 2979 229 3044 72.
240 2955 377 3028 Samum
390 2956 618 3032 etiamdecem
633 2956 723 3030 viros
737 2955 914 3054 miserunt,

107 3089 147 3142 ut
166 3069 293 3144 milites
311 3070 506 3156 delinirent,
529 3095 570 3144 ac
589 3073 764 3155 docerent,
788 3094 858 3142 non
879 3069 916 3144 iu

106 3183 296 3281 perniciem
310 3183 635 3284 reipublicaeatque
648 3185 773 3262 citium
791 3192 915 3280 pauco*
1056 3231 1059 3235 »
