2242 3642
82 219 86 225 ”
197 219 270 312 '40
397 221 851 326 THUCYD.V111.3.

214 356 310 452 quod
325 355 426 428 animi
441 355 571 450 impetu
586 379 626 427 ac
638 352 784 428 'libidine
797 381 897 430 caeca
910 358 957 429 de
972 382 1026 432 rev

214 471 280 552 bus
297 471 504 570 judicarent,
533 495 597 544 nee
626 469 736 552 ull'um
765 472 888 546 rationi
913 473 1028 546 locum

169 637 172 648 ‚
214 586 359 680 amplius
375 587 625 680 relinquerent;
645 588 773 682 quippe
787 587 847 684 qui
861 601 1029 684 putarent

206 701 298 800 sore,
318 715 357 780 ut
375 700 566 797 insequenti
583 699 709 776 aestate
725 700 948 801 Athenierffes
972 703 1028 777 su·

215 836 386 912 perirent.
409 815 772 900 ,Lacedaemoniorum
793 841 874 894 vero
894 819 1027 904 civitas,

215 955 294 1004 cum
309 951 451 1027 propter
466 930 672 1004 haecomnia
686 931 845 1011 fiduciam
859 934 1028 1028 concipie-

216 1045 285 1130 bat,
306 1066 379 1116 tum
395 1069 476 1124 vero
491 1045 686 1140 praecipue,
706 1049 799 1142 quod
819 1047 926 1127 Siculi
945 1048 1029 1136 socii

216 1184 295 1234 cum
304 1161 434 1256 magnis
445 1161 565 1254 copiiS,
577 1158 680 1233 claffis
695 1159 876 1236 acceffione
884 1163 955 1260 jam
969 1187 1028 1236 ne-

215 1271 354 1350 cessario
374 1273 471 1359 fasta,
492 1275 633 1348 ineunte
652 1273 761 1360 statim
781 1292 874 1360 vere,
894 1297 935 1352 ut
954 1299 1028 1358 erat

215 1390 406 1474 verifimile,
432 1387 506 1488 ipsts
527 1388 661 1485 praesto
679 1390 789 1465 futuri
812 1388 928 1468 effent.
956 1391 1027 1471 Ita·

214 1531 284 1602 que
305 1530 383 1579 cum
406 1507 559 1606 undique
583 1506 707 1584 bonam
731 1506 823 1602 spem
846 1507 1027 1595 haberent,

215 1621 341 1720 abjesta
360 1621 455 1702 omni
474 1620 688 1697 cuniiatione
706 1621 837 1700 bellum
858 1619 1028 1720 capeffere

215 1733 424 1810 statuerunt:
440 1734 553 1817 secum
568 1757 775 1832 reputantes,
789 1737 812 1809 fi
826 1738 893 1814 hoc
907 1737 1028 1812 bellum

214 1847 353 1926 felicem
367 1851 497 1924 exitum
511 1849 691 1936 habuiffet,
707 1850 740 1924 se
754 1853 790 1924 in
804 1850 978 1947 posterum
991 1873 1028 1932 et

215 1966 411 2066 hujusmodi
440 1966 600 2063 periculis
623 1967 805 2045 liberatum
834 1968 888 2052 iri,
913 1972 1027 2068 cujus·

215 2082 308 2158 modi
323 2078 439 2156 fuiffet
454 2103 492 2156 etn
503 2082 601 2165 illud,
616 2084 712 2177 quod
726 2081 801 2178 ipsis
819 2081 861 2165 ab
876 2081 1027 2157 Atheni·¹

216 2197 346 2270 enfibus
360 2217 512 2270 creatum
526 2193 654 2280 fuisset,
671 2196 696 2268 fi
709 2222 763 2272 res
777 2196 905 2272 Siculas
919 2198 956 2270 in
971 2198 1027 2273 su·
1058 2234 1061 2239 >

216 2334 271 2393 am
287 2308 487 2405 potestatem
507 2308 722 2408 redegiffent.
750 2311 797 2384 Et
811 2313 878 2394 illis
893 2315 1026 2400 everis,

215 2423 386 2507 futurum,
402 2447 442 2498 ut
456 2427 561 2506 totius
571 2427 740 2504 Graeciae
754 2427 936 2524 imperium
950 2414 1027 2510 tinto.

209 2541 283 2641 jam
297 2540 502 2616 obtinerent.

279 2795 311 2870 3.
336 2767 526 2847 Confestim
550 2771 659 2868 igitur
682 2770 770 2870 Agis
799 2798 921 2848 eorum
948 2800 1025 2862 rex.

217 2886 280 2958 hac
300 2886 423 2982 hyeme
442 2911 520 2962 cum
543 2890 691 2984 quodam
710 2889 864 2962 exercitu
888 2917 931 2963 ex
950 2890 1026 2964 De,

216 3000 316 3078 celea-
327 2999 510 3100 profenus,
530 3004 710 3102 pecuniam
727 3029 747 3078 a
767 3003 863 3078 sociis
882 3007 924 3080 ad
942 3003 1026 3080 clas·
