2242 3642
88 283 93 288 ,
189 215 193 220 ·
252 180 722 307 runcinum
807 215 886 318 233¹

94 332 440 440 quippe'quod'effent
453 367 496 416 ex
508 366 651 416 numeru
665 342 812 434 illorum,
826 343 887 438 qui

96 459 132 530 iu
158 459 272 553 primis
304 457 501 552 popularem
528 454 649 528 statum
675 453 889 534 sustulissent.

95 571 161 664 Ipsi
179 597 261 644 vero
280 594 487 664 nequaquam
506 569 646 664 amplius
664 567 816 644 Athenas
835 594 889 645 τε,

96 688 248 757 dierunt:
268 683 325 754 sed
343 685 469 778 segatos
483 683 587 777 Argis
605 685 817 766 adducentes,
837 688 890 766 sa,

97 823 203 894 quam.
221 797 401 880 habebant,
428 797 571 880 triremi,
596 795 732 872 Samum
753 795 892 892 appuln

100 933 191 984 runt.
815 973 818 980 ,

100 1070 106 1080 ·
159 1021 619 1118 87,Eademautemaestats¹
634 1019 892 1118 Tissaphernes,

101 1165 143 1211 eo
158 1160 322 1233 tempore,
337 1163 406 1232 quo
415 1136 656 1231 Peloponnesi,
670 1162 747 1209 cum
760 1139 804 1210 ob
818 1137 894 1222 alia,

101 1251 173 1324 tum
190 1275 271 1323 vero
288 1271 426 1345 propter
440 1251 623 1323 Alcibiadis
640 1249 895 1350 restitutionem,

100 1366 171 1460 ipsi,
190 1370 230 1436 ut
251 1364 505 1436 Atheniensium
524 1365 673 1459 partibus
694 1387 808 1460 aperte
824 1367 895 1464 jam

100 1479 241 1567 fatenti,
261 1478 403 1550 maxime
422 1477 539 1550 infensi
557 1501 664 1561 eraut,
686 1481 823 1574 cupiens
841 1477 897 1573 (ut

100 1591 218 1665 saltem
232 1613 312 1663 tunc
326 1590 515 1687 ridebatur)
530 1592 588 1664 has
602 1593 848 1668 criminationes
861 1617 896 1664 a·.

102 1709 173 1813 pud
183 1704 268 1799 ipsos
278 1705 420 1788 diluere,
431 1705 646 1799 praeparabat
656 1697 897 1798 professionem

103 1823 147 1892 ad
160 1815 292 1890 classem
305 1815 525 1903 Phoenissam,
545 1842 631 1911 quae
646 1818 687 1889 ad
703 1807 898 1910 Aspendum

104 1931 222 2016 stabat,
237 1930 444 2027 Lichamque
458 1931 570 2005 secum
583 1931 699 2004 venire
708 1927 808 2028 jussit.
836 1927 899 2001 Di·.

105 2049 156 2119 xit
175 2066 288 2118 autem
307 2044 340 2118 se
356 2044 613 2120 'substituturum
633 2043 783 2117 Tamum
802 2041 899 2114 suunt

106 2159 323 2255 praesesium,
336 2160 407 2252 qui,
424 2161 534 2253 quoad
548 2157 618 2253 ipse
632 2146 766 2240 abesset,¹
780 2154 901 2252 ssipen,

107 2275 203 2346 dium
216 2273 377 2346 exercitui
392 2274 578 2366 praeberet.
605 2272 835 2345 varicantem
849 2295 900 2352 res

109 2408 277 2469 narratur,
293 2409 355 2458 nec
370 2384 468 2459 facile
482 2385 556 2457 sciri
572 2383 691 2481 potest,
711 2410 777 2481 qua
790 2405 903 2458 mente

109 2501 245 2595 petierit
259 2497 466 2594 Aspendum,
487 2521 521 2573 et
538 2498 616 2572 illuc
636 2498 803 2595 professus
822 2497 903 2571 elas-

109 2613 178 2687 sem
192 2611 288 2685 illinc·
297 2639 365 2685 non
380 2615 566 2688 adduxerit.
594 2611 686 2700 Nam
696 2611 821 2686 constat
832 2613 905 2707 qui·

109 2730 187 2800 dem
200 2727 705 2823 centumquadraginta'septem
713 2723 906 2800 Phoenissas
984 2733 986 2740 '

109 2865 211 2915 naves
235 2838 431 2936 Aspendum
458 2867 564 2937 usque
592 2837 785 2935 pervenisse.
833 2838 905 2912 Cur

111 2979 195 3028 vero
218 2957 269 3027 ad
285 2954 520 3054 Peloponnefios
543 2965 613 3028 ndu
636 2954 771 3036 iverint,
795 2951 907 3028 variae

112 3065 189 3142 sunt
206 3069 424 3172 conjesturae.
463 3067 727 3164 ‘Alii'euimhoc
743 3079 773 3154 'a
795 3053 907 3162 Tifflzae
983 3057 986 3062 ’
1089 3095 1090 3102 “
