2242 3642
279 236 668 322 Tunetuvttt.
691 181 726 314 a·
850 185 912 337 2‘3⁴

76 379 79 386 '
106 367 248 468 entibps,
268 393 313 442 nc
329 366 550 441 Athenienses
572 364 796 450 resciscerent,
815 388 904 462 quae

107 483 329 578 agitabantur,
351 479 440 576 <nam
459 506 575 553 ornnes
589 482 675 552 clam
693 479 759 551 iilis
774 477 904 575 legatos

102 595 377 670 Lacedaemonem
391 589 561 690 miserant)
572 593 828 667 Lacedaemonii
843 593 904 666 miv

38 693 41 698 ⁵
101 709 219 782 serunt
238 711 411 781 tresviros
430 707 611 803 Spartanos
630 707 845 792 Corinthum,
865 727 907 780 ut

100 849 205 918 quarn
218 823 394 897 celerrime
408 823 450 894 ab
464 824 572 894 altero
583 822 682 913 mati,
702 823 736 894 in
751 822 799 904 id,
812 823 908 916 quod

101 938 262 1012 Athenas
294 935 425 1028 spectat,
459 936 611 1019 naribus,
645 961 708 1031 per
739 932 908 1010 Isthmum

102 1051 309 1134 transactis,
322 1075 438 1124 ornnes
451 1052 487 1124 in
501 1049 627 1124 Chium
640 1052 799 1146 navigare
808 1049 908 1148 jube·

103 1183 195 1245 rent,
220 1184 285 1236 tam
304 1189 370 1246 eas,
391 1189 473 1258 quas
492 1163 579 1260 Agis
597 1185 852 1260 praeparaverat
870 1165 908 1236 in

100 1277 256 1352 Lesbum
275 1277 465 1361 mittendas,
487 1303 589 1373 quam
606 1299 764 1351 caeteras.
798 1276 908 1350 Erant

101 1414 219 1465 autem
246 1393 316 1464 illic
344 1390 516 1468 universae
543 1390 708 1466 sociarum
729 1389 908 1465 civitatum

102 1531 206 1584 naves
220 1531 362 1582 numero
381 1507 703 1608 undequadraginta,

168 1739 201 1808 B.
216 1733 401 1829 Calligetns
410 1718 521 1808 autem
530 1755 566 1808 et
576 1735 794 1831 Timagorae,
803 1731 910 1808 Phar·

106 1849 227 1921 nabazi
242 1849 356 1944 legati,
376 1849 477 1948 hujus
491 1848 594 1921 claffis
608 1851 644 1922 in
658 1850 787 1922 Chium
804 1848 915 1942 profi·=

107 1960 259 2034 ciscentis
279 1963 456 2057 participes
480 1957 546 2034 effe
569 1963 773 2049 noluerunt;
797 1985 911 2054 neque

104 2077 266 2173 pecunias
285 2078 464 2160 dederunt,
483 2099 566 2171 quas
582 2074 695 2147 secum
713 2072 910 2158 attulerant,

104 2211 146 2265 ut
160 2188 264 2264 claffis
278 2191 483 2274 mitteretur,
500 2191 653 2284 quinque
671 2206 706 2261 et
720 2187 841 2284 viginti
860 2207 909 2260 ta·

105 2305 214 2386 lenta,
224 2302 279 2376 sed
295 2302 406 2398 postea
421 2329 483 2398 pet
497 2302 530 2376 se
539 2327 618 2376 curu
631 2302 694 2376 alia
704 2299 801 2377 claffe
815 2301 909 2376 nari·

104 2443 192 2515 gare
205 2413 403 2516 staurerunt.
432 2416 518 2515 Agis
533 2440 657 2504 autem,
672 2443 752 2492 cnm
765 2414 909 2504 ridiffet,

105 2533 393 2616 Lacedaemonios
413 2531 560 2626 primum
580 2534 615 2605 iu
637 2533 766 2605 Chium
787 2527 911 2626 claffinr

105 2633 237 2720 mittere
252 2643 410 2729 statuisse,
429 2671 472 2744 ne
487 2645 556 2740 ipse
570 2647 708 2742 quidem
721 2645 814 2717 aliud
832 2668 911 2718 cen·

106 2760 192 2839 suin
217 2759 275 2834 sed
299 2759 390 2842 socii,
414 2785 492 2832 curu
511 2759 717 2833 Corinthum
738 2758 911 2832 convenis·

107 2873 194 2958 sent,
209 2872 400 2954 consultare
413 2894 610 2969 coeperunt.
639 2872 847 2968 Ipsrsautem
861 2873 915 2964 riq

107 2987 183 3067 sum
196 2986 245 3064 est
259 2987 407 3086 primurn
420 2985 562 3090 quidem,
583 2989 619 3062 in
633 2987 760 3062 Chium
773 2983 840 3064 effe
853 2973 911 3081 ua}
